% Encoding: UTF-8 



@book{Afflerbach1986,
	Author = {L. Afflerbach and J. Lehn (Hrsg.)},
	Keywords = {Zufall},
	Owner = {theo},
	Publisher = {B.G. Teubner Stuttgart},
	Timestamp = {2014.08.13},
	Title = {Kolloquium über Zufallszahlen und Simulationen},
	Year = {1986}}

@Booklet{Alexopoulos2009,
  title =        {Generating Uniform Random Numbers},
  author =       {Christos Alexopoulos and Dave Goldsman},
  howpublished = {Präsentation},
  month =        {Juli},
  year =         {2009},
  bdsk-url-1 =   {www2.isye.gatech.edu/%20~sman/%20courses/%206644/%20Module06-RandomNumberGenerationSlides_090606.pdf},
  file =         {:home/theo/Dokumente/Schule/Maturarbeit/Module06-RandomNumberGenerationSlides_090606.pdf:PDF},
  lastchecked =  {2015.03.02},
  owner =        {theo},
  timestamp =    {2014.10.01},
  url =          {www2.isye.gatech.edu/ ~sman/ courses/ 6644/ Module06-RandomNumberGenerationSlides_090606.pdf}
}

@misc{Baumeister2011,
	Author = {Johann Baumeister and Tania Garfias Macedo},
	Howpublished = {http://tinyurl.com/baumeister2011},
	Journal = {PDF},
	Keywords = {Zufall},
	Month = {August},
	Organization = {Juniorakademie},
	Owner = {theo},
	Timestamp = {2014.08.13},
	Title = {Von den Zufallszahlen und ihrem Gebrauch},
	Year = {2011}}

@book{Brandt2013,
	Author = {Siegmund Brandt},
	Keywords = {Zufall},
	Owner = {theo},
	Publisher = {Springer-Verlag, Berlin Heidelberg},
	Timestamp = {2014.09.05},
	Title = {Datenanalyse für Naturwissenschaftler und Ingenieure},
	Year = {2013}}

@book{fota11,
	Author = {Werner Durandi and Baoswan Dzung Wong and Markus Kriener and Hans-Rudolf Künsch and Alfred Vogelsanger and Samuel Byland and Klemens Koch and Andreas Bartlome and Michael Bleichenbacher and Hans Roth},
	Owner = {theo},
	Publisher = {Orell Füssli Verlag AG, Zürich},
	Timestamp = {2014.11.21},
	Title = {Formeln, Tabellen, Begriffe, Mathematik - Physik - Chemie},
	Year = {2011}}

@book{Freimann2011,
	Author = {Phillip Gressly Freimann and Martin Guggisberg},
	Owner = {theo},
	Publisher = {Orell Füssli Verlag AG, Zürich},
	Timestamp = {2014.09.26},
	Title = {Programmieren lernen, Aufgaben für den Informatikunterricht},
	Year = {2011}}

@book{Gellert1974,
	Author = {W. Gellert and H. Küstner and M. Hellwich and H. Kästner},
	Keywords = {Zufall},
	Owner = {theo},
	Publisher = {Verlag Harri Deutsch, Zürich und Frankfurt/Main},
	Timestamp = {2014.08.13},
	Title = {Mathematik Ratgeber},
	Year = {1974}}

@book{Haertel1994,
	Author = {Frank Härtel},
	Keywords = {Zufall},
	Owner = {theo},
	Publisher = {Difo-Druck GmbH, Bamberg},
	Timestamp = {2014.08.13},
	Title = {Zufallszahlen für Simulationsmodelle, Vergleich und Bewertung verschiedener Zufallsgeneratoren},
	Year = {1994}}

@article{Hayes2012,
	Author = {Brian Hayes},
	Journal = {Spektrum der Wissenschaft},
	Keywords = {Zufall},
	Month = {Februar},
	Owner = {theo},
	Timestamp = {2014.08.15},
	Title = {Spiel mit dem Zufall},
	Year = {2012}}

@book{Knuth1998,
	Author = {Donald Ervin Knuth},
	Owner = {theo},
	Publisher = {Addison-Wesley, Reading, Massachusetts},
	Timestamp = {2014.09.17},
	Title = {The Art of Computer Programming, Vol. 2 Seminumerical Algorithms},
	Year = {1998}}

@book{Kolonko2008,
	Author = {Michael Kolonko},
	Keywords = {Zufall},
	Owner = {theo},
	Publisher = {Vieweg+Teubner, Wiesbaden},
	Timestamp = {2014.09.05},
	Title = {Stochastische Simulationen},
	Year = {2008}}

@Booklet{maKSA,
  title =       {Maturaarbeit KSA},
  author =      {{{KSA Luzern}}},
  year =        {2016},
  lastchecked = {2016.11.15},
  owner =       {cva},
  timestamp =   {2016.11.15},
  url =         {https://ksalpenquai.lu.ch/dokumente/maturaarbeit}
}

@article{LEcuyer1999,
	Author = {Pierre L'Ecuyer},
	Journal = {Operations Research},
	Month = {Januar},
	Number = {1},
	Owner = {theo},
	Pages = {159-164},
	Timestamp = {2014.10.14},
	Title = {Good Parameters and Implementations for Combined Multiple Recursive Random Number Generators},
	Volume = {47},
	Year = {1999}}

@misc{SwisslosInterkantonaleLandeslotterie2014,
	Author = {{Interkantonale Landeslotterie, Basel} Swisslos},
	Howpublished = {Persönlich zugeschickt},
	Month = {1. Oktober},
	Owner = {theo},
	Timestamp = {2014.10.02},
	Title = {Gezogene Lottozahlen seit 1970},
	Year = {2014}}

@book{Theis2014,
	Author = {Thomas Theis},
	Owner = {theo},
	Publisher = {Galileo Press, Bonn},
	Timestamp = {2014.10.01},
	Title = {Einstieg in Python},
	Year = {2014}}

@misc{cva,
	Author = {Christoph {von Arx}},
	Date-Modified = {2015-04-18 16:38:23 +0000},
	Howpublished = {privat},
	Month = {April},
	Owner = {theo},
	Timestamp = {2014.12.28},
	Title = {Excel-Makro zur Lokalisierung von Chipdefekten, leicht modifiziert},
	Year = {2010}}

@book{Wappis2008,
	Author = {Johann Wappis and Berndt Jung},
	Keywords = {Zufall},
	Owner = {theo},
	Publisher = {Carl Hanser Verlag München Wien},
	Timestamp = {2014.08.29},
	Title = {Taschenbuch Null-Fehler-Management, Umsetzung von Six Sigma},
	Year = {2008}}

@misc{wiki:python,
	Author = {Wikipedia},
	Keywords = {Zufall},
	Owner = {theo},
	Timestamp = {2014.08.15},
	Url = {https://de.wikipedia.org/wiki/Python_(Programmiersprache)},
	Year = {2014},
	Bdsk-Url-1 = {https://de.wikipedia.org/wiki/Python_(Programmiersprache)}}

@book{Zielinski1978,
	Author = {Ryszard Zielinski},
	Keywords = {Zufall},
	Owner = {theo},
	Publisher = {VEB Fachbuchverlag Leipzig},
	Timestamp = {2014.08.13},
	Title = {Erzeugung von Zufallszahlen, Programmierung und Test auf Digitalrechnern},
	Year = {1978}}
